@inproceedings{watkins2018image,
  title={Image compression: Sparse coding vs. bottleneck autoencoders},
  author={Watkins, Yijing and Iaroshenko, Oleksandr and Sayeh, Mohammad and Kenyon, Garrett},
  booktitle={2018 IEEE Southwest Symposium on Image Analysis and Interpretation (SSIAI)},
  pages={17--20},
  year={2018},
  organization={IEEE}
}